<?xml version="1.0" encoding="UTF-8"?><collection xmlns="http://www.loc.gov/MARC21/slim"><record><leader>00338nam--2200133-i-4500</leader><controlfield tag="001">000027898</controlfield><controlfield tag="002">20161230</controlfield><controlfield tag="005">20161230201037</controlfield><controlfield tag="008">060222s1000------------r-----000-0-eng-d</controlfield><datafield ind1=" " ind2=" " tag="080"><subfield code="a">539.12.162.8(047.1)</subfield></datafield><datafield ind1=" " ind2=" " tag="100"><subfield code="a">Lednicky, R</subfield></datafield><datafield ind1=" " ind2=" " tag="245"><subfield code="a">About the best x0(958)-meson spin analyzer</subfield></datafield><datafield ind1=" " ind2=" " tag="260"><subfield code="a">Dubna, O.I.Ia.I., 1974, 16p</subfield></datafield><datafield ind1=" " ind2=" " tag="852"><subfield code="a">40999</subfield></datafield></record></collection>